{
  "leader": "03705cam a2200505Ia 4500",
  "fields": [
    {
      "001": "ocm43328947\\"
    },
    {
      "003": "OCoLC"
    },
    {
      "005": "20221206170438.0"
    },
    {
      "008": "000114s2000\\\\\\\\miua\\\\\\\\\\b\\\\\\\\001\\0\\eng\\\\"
    },
    {
      "010": {
        "ind1": "\\",
        "ind2": "\\",
        "subfields": [
          {
            "a": "   00022179 "
          }
        ]
      }
    },
    {
      "040": {
        "ind1": "\\",
        "ind2": "\\",
        "subfields": [
          {
            "a": "DLC"
          },
          {
            "b": "eng"
          },
          {
            "c": "DLC"
          },
          {
            "d": "MUQ"
          },
          {
            "d": "UKM"
          },
          {
            "d": "BTCTA"
          },
          {
            "d": "YDXCP"
          },
          {
            "d": "OCLCG"
          },
          {
            "d": "IG#"
          },
          {
            "d": "UKTTE"
          },
          {
            "d": "GEBAY"
          },
          {
            "d": "HTM"
          },
          {
            "d": "PSM"
          },
          {
            "d": "OCLCF"
          },
          {
            "d": "OCLCQ"
          },
          {
            "d": "OCLCO"
          },
          {
            "d": "DEBBG"
          },
          {
            "d": "OCLCQ"
          },
          {
            "d": "CPO"
          },
          {
            "d": "EUQ"
          },
          {
            "d": "OCLCQ"
          },
          {
            "d": "OCLCO"
          },
          {
            "d": "UKNRU"
          },
          {
            "d": "DCT"
          },
          {
            "d": "OCLCA"
          },
          {
            "d": "IL4J6"
          },
          {
            "d": "OCLCO"
          },
          {
            "d": "CZL"
          },
          {
            "d": "OCLCO"
          },
          {
            "d": "OCL"
          }
        ]
      }
    },
    {
      "019": {
        "ind1": "\\",
        "ind2": "\\",
        "subfields": [
          {
            "a": "46843667"
          },
          {
            "a": "48238014"
          },
          {
            "a": "1008046603"
          },
          {
            "a": "1022628947"
          },
          {
            "a": "1063959802"
          },
          {
            "a": "1077967020"
          },
          {
            "a": "1081053587"
          },
          {
            "a": "1082445853"
          },
          {
            "a": "1086248307"
          },
          {
            "a": "1089306669"
          }
        ]
      }
    },
    {
      "020": {
        "ind1": "\\",
        "ind2": "\\",
        "subfields": [
          {
            "a": "0472109014"
          },
          {
            "q": "(alk. paper)"
          }
        ]
      }
    },
    {
      "020": {
        "ind1": "\\",
        "ind2": "\\",
        "subfields": [
          {
            "a": "9780472109012"
          },
          {
            "q": "(alk. paper)"
          }
        ]
      }
    },
    {
      "035": {
        "ind1": "\\",
        "ind2": "\\",
        "subfields": [
          {
            "a": "(OCoLC)43328947"
          },
          {
            "z": "(OCoLC)46843667"
          },
          {
            "z": "(OCoLC)48238014"
          },
          {
            "z": "(OCoLC)1008046603"
          },
          {
            "z": "(OCoLC)1022628947"
          },
          {
            "z": "(OCoLC)1063959802"
          },
          {
            "z": "(OCoLC)1077967020"
          },
          {
            "z": "(OCoLC)1081053587"
          },
          {
            "z": "(OCoLC)1082445853"
          },
          {
            "z": "(OCoLC)1086248307"
          },
          {
            "z": "(OCoLC)1089306669"
          }
        ]
      }
    },
    {
      "042": {
        "ind1": "\\",
        "ind2": "\\",
        "subfields": [
          {
            "a": "pcc"
          }
        ]
      }
    },
    {
      "050": {
        "ind1": "0",
        "ind2": "0",
        "subfields": [
          {
            "a": "N6537.S72"
          },
          {
            "b": "A66 2000"
          }
        ]
      }
    },
    {
      "080": {
        "ind1": "\\",
        "ind2": "\\",
        "subfields": [
          {
            "a": "73(73)STE"
          }
        ]
      }
    },
    {
      "082": {
        "ind1": "0",
        "ind2": "0",
        "subfields": [
          {
            "a": "709.2"
          },
          {
            "b": "WAL"
          }
        ]
      }
    },
    {
      "100": {
        "ind1": "1",
        "ind2": "\\",
        "subfields": [
          {
            "a": "Wallace, Robert K.,"
          },
          {
            "d": "1944-"
          }
        ]
      }
    },
    {
      "245": {
        "ind1": "1",
        "ind2": "0",
        "subfields": [
          {
            "a": "Frank Stella's Moby Dick :"
          },
          {
            "b": "words and shapes /"
          },
          {
            "c": "Robert K. Wallace."
          }
        ]
      }
    },
    {
      "260": {
        "ind1": "\\",
        "ind2": "\\",
        "subfields": [
          {
            "a": "Ann Arbor :"
          },
          {
            "b": "University of Michigan Press,"
          },
          {
            "c": "\u00a92000."
          }
        ]
      }
    },
    {
      "300": {
        "ind1": "\\",
        "ind2": "\\",
        "subfields": [
          {
            "a": "xvi, 326 pages :"
          },
          {
            "b": "illustrations (some color) ;"
          },
          {
            "c": "26 cm"
          }
        ]
      }
    },
    {
      "336": {
        "ind1": "\\",
        "ind2": "\\",
        "subfields": [
          {
            "a": "text"
          },
          {
            "b": "txt"
          },
          {
            "2": "rdacontent"
          }
        ]
      }
    },
    {
      "337": {
        "ind1": "\\",
        "ind2": "\\",
        "subfields": [
          {
            "a": "unmediated"
          },
          {
            "b": "n"
          },
          {
            "2": "rdamedia"
          }
        ]
      }
    },
    {
      "338": {
        "ind1": "\\",
        "ind2": "\\",
        "subfields": [
          {
            "a": "volume"
          },
          {
            "b": "nc"
          },
          {
            "2": "rdacarrier"
          }
        ]
      }
    },
    {
      "504": {
        "ind1": "\\",
        "ind2": "\\",
        "subfields": [
          {
            "a": "Includes bibliographical references (pages 314-315) and indexes."
          }
        ]
      }
    },
    {
      "505": {
        "ind1": "0",
        "ind2": "\\",
        "subfields": [
          {
            "a": "Melville/Stella Chronology -- 1. Pictorial Voyage: More Than Meets the Eye -- 2. Beyond Boundaries: Painting without Canvas: Narrating with Shapes -- 3. A Careful Disorderliness: The Structure of the Series and the Novel -- 4. Aluminum Loomings: S Reliefs, 1986-87 -- 5. A Little Lower Layer: Wave Prints, 1985-89 -- 6. Chase Space: B and IRS Reliefs, 1987-89 -- 7. Laying Heads Together: Scraps and Q Reliefs, 1988-90 -- 8. Spatial Expatiation: Engravings, Domes, Murals, 1990-92 -- 9. Overpainted Understucture: C and D Reliefs, 1990-93 -- 10. Off the Wall, Bursting the Surface: Sculptures, 1990-93 -- 11. Weaving Smoke and Bubbles: Deckle Edges, 1991-93 -- 12. Habitable Illusion: End Game, 1994-97 -- Catalog of the Moby-Dick Series and Related Melville Titles -- Index to Catalog by Subgroup in Series -- Worldwide List of Exhibitions and Commentary -- Index of Artworks / Frank Stella."
          }
        ]
      }
    },
    {
      "520": {
        "ind1": "1",
        "ind2": "\\",
        "subfields": [
          {
            "a": "\"The artist Frank Stella spent over a decade creating a series of works linked with Herman Melville's classic novel Moby-Dick. Robert K. Wallace, an expert on Melville, has written an interpretation of Stella's artistic evolution during the creation of this series.\"--Jacket."
          }
        ]
      }
    },
    {
      "600": {
        "ind1": "1",
        "ind2": "0",
        "subfields": [
          {
            "a": "Stella, Frank."
          },
          {
            "t": "Moby Dick series."
          }
        ]
      }
    },
    {
      "600": {
        "ind1": "1",
        "ind2": "0",
        "subfields": [
          {
            "a": "Stella, Frank"
          },
          {
            "x": "Criticism and interpretation."
          }
        ]
      }
    },
    {
      "600": {
        "ind1": "1",
        "ind2": "0",
        "subfields": [
          {
            "a": "Melville, Herman,"
          },
          {
            "d": "1819-1891."
          },
          {
            "t": "Moby Dick"
          },
          {
            "v": "Sources."
          }
        ]
      }
    },
    {
      "650": {
        "ind1": "\\",
        "ind2": "0",
        "subfields": [
          {
            "a": "Whales in art."
          }
        ]
      }
    },
    {
      "600": {
        "ind1": "1",
        "ind2": "7",
        "subfields": [
          {
            "a": "Stella, Frank."
          },
          {
            "2": "fast"
          },
          {
            "0": "(OCoLC)fst00006760"
          }
        ]
      }
    },
    {
      "630": {
        "ind1": "0",
        "ind2": "7",
        "subfields": [
          {
            "a": "Moby Dick (Melville, Herman)"
          },
          {
            "2": "fast"
          },
          {
            "0": "(OCoLC)fst01356235"
          }
        ]
      }
    },
    {
      "630": {
        "ind1": "0",
        "ind2": "7",
        "subfields": [
          {
            "a": "Moby Dick series (Stella, Frank)"
          },
          {
            "2": "fast"
          },
          {
            "0": "(OCoLC)fst01383440"
          }
        ]
      }
    },
    {
      "650": {
        "ind1": "\\",
        "ind2": "7",
        "subfields": [
          {
            "a": "Whales in art."
          },
          {
            "2": "fast"
          },
          {
            "0": "(OCoLC)fst01174280"
          }
        ]
      }
    },
    {
      "655": {
        "ind1": "\\",
        "ind2": "7",
        "subfields": [
          {
            "a": "Criticism, interpretation, etc."
          },
          {
            "2": "fast"
          },
          {
            "0": "(OCoLC)fst01411635"
          }
        ]
      }
    },
    {
      "655": {
        "ind1": "\\",
        "ind2": "7",
        "subfields": [
          {
            "a": "Sources."
          },
          {
            "2": "fast"
          },
          {
            "0": "(OCoLC)fst01423900"
          }
        ]
      }
    },
    {
      "776": {
        "ind1": "0",
        "ind2": "8",
        "subfields": [
          {
            "i": "Online version:"
          },
          {
            "a": "Wallace, Robert K., 1944-"
          },
          {
            "t": "Frank Stella's Moby Dick."
          },
          {
            "d": "Ann Arbor : University of Michigan Press, \u00a92000"
          },
          {
            "w": "(OCoLC)606483939"
          }
        ]
      }
    },
    {
      "776": {
        "ind1": "0",
        "ind2": "8",
        "subfields": [
          {
            "i": "Online version:"
          },
          {
            "a": "Wallace, Robert K., 1944-"
          },
          {
            "t": "Frank Stella's Moby Dick."
          },
          {
            "d": "Ann Arbor : University of Michigan Press, \u00a92000"
          },
          {
            "w": "(OCoLC)608857449"
          }
        ]
      }
    },
    {
      "856": {
        "ind1": "4",
        "ind2": "2",
        "subfields": [
          {
            "3": "Publisher description"
          },
          {
            "u": "http://catdir.loc.gov/catdir/description/umich051/00022179.html"
          }
        ]
      }
    },
    {
      "994": {
        "ind1": "\\",
        "ind2": "\\",
        "subfields": [
          {
            "a": "Z0"
          },
          {
            "b": "NYRVC"
          }
        ]
      }
    },
    {
      "948": {
        "ind1": "\\",
        "ind2": "\\",
        "subfields": [
          {
            "h": "NO HOLDINGS IN NYRVC - 354 OTHER HOLDINGS"
          }
        ]
      }
    },
    {
      "999": {
        "ind1": "\\",
        "ind2": "\\",
        "subfields": [
          {
            "a": "00000000011274"
          }
        ]
      }
    }
  ]
}